%% This BibTeX bibliography file was created using BibDesk.
%% http://bibdesk.sourceforge.net/


%% Created for Manuel Iurissevich at 2015-09-29 22:39:45 +0200 


%% Saved with string encoding Unicode (UTF-8) 



@book{cit:biomeccanica,
	Author = {Bruno Picasso},
	Date-Added = {2015-09-29 22:37:17 +0200},
	Date-Modified = {2015-09-29 22:39:13 +0200},
	Publisher = {Springer},
	Read = {1},
	Title = {Fondamenti di meccanica e biomeccanica : meccanica dei corpi rigidi articolati},
	Year = {2013}}

@book{cit:fuzzy,
	Author = {Abraham Kandel},
	Date-Added = {2015-09-29 22:34:32 +0200},
	Date-Modified = {2015-09-29 22:39:45 +0200},
	Publisher = {John Wiley and sons},
	Read = {1},
	Title = {Fuzzy techniques in pattern recognition},
	Year = {1982}}

@book{cit:donskoi,
	Annote = { Biomehanika s osnovami sportivnoj tehniki. },
	Author = {Donskoj, Dmitrij Dmitrievi{\v c}},
	Date-Added = {2015-06-20 18:49:19 +0200},
	Date-Modified = {2015-06-20 18:51:33 +0200},
	Keywords = {biomeccanica, donskoj},
	Publisher = {Sportverlag Berlin},
	Title = {Grundlagen der Biomechanik},
	Year = {1975}}

@article{cit:nuovoeutile,
	Author = {Annamaria Testa},
	Date-Added = {2015-06-20 18:48:54 +0200},
	Date-Modified = {2015-06-20 18:48:54 +0200},
	Journal = {Nuovoeutile.it},
	Keywords = {analogie, annamaria, testa, opinioni},
	Month = {Gennaio},
	Read = {1},
	Title = {Metodo 75. Il potere creativo delle analogie},
	Url = {http://nuovoeutile.it/analogie/},
	Year = {2015},
	Bdsk-Url-1 = {http://nuovoeutile.it/analogie/}}

@book{cit:neubert,
	Author = {Hermann P. Neubert},
	Date-Added = {2015-06-20 18:48:54 +0200},
	Date-Modified = {2015-06-20 18:48:54 +0200},
	Keywords = {neubert, instrument, transducers, trasduttori},
	Publisher = {Oxford University Press},
	Read = {1},
	Title = {Instrument Transducers},
	Year = {1963}}

@incollection{cit:maxdynth,
	Address = {New York},
	Annote = {From the Royal Society Transactions, Vol. clv.},
	Author = {James Clerk Maxwell},
	Booktitle = {The Scientific Papers of James Clerk Maxwell},
	Date-Added = {2015-06-20 18:48:54 +0200},
	Date-Modified = {2015-06-20 18:48:54 +0200},
	Editor = {W. D. Niven, M.A, F.R.S.},
	Keywords = {maxwell, dynamical, theory},
	Publisher = {Dover},
	Title = {A Dynamical Theory of the Electromagnetic Field},
	Volume = {1},
	Year = {1864}}

@incollection{cit:maxlines,
	Address = {New York},
	Annote = {From the Philosophical Magazine, Vol. xxi.},
	Author = {James Clerk Maxwell},
	Booktitle = {The Scientific Papers of James Clerk Maxwell},
	Date-Added = {2015-06-20 18:48:54 +0200},
	Date-Modified = {2015-06-20 18:48:54 +0200},
	Editor = {W. D. Niven, M.A, F.R.S.},
	Keywords = {maxwell, lines, force, linee, forza},
	Publisher = {Dover},
	Title = {On Physical Lines of Force},
	Volume = {1},
	Year = {1856}}

@incollection{cit:maxfar,
	Annote = {From the Transactions of the Cambridge Philosophical Society, Vol. x, Part i.},
	Author = {James Clerk Maxwell},
	Booktitle = {The Scientific Papers of James Clerk Maxwell},
	Date-Added = {2015-06-20 18:48:54 +0200},
	Date-Modified = {2015-06-20 18:48:54 +0200},
	Editor = {C. J. Clay, M. A. e figli},
	Keywords = {maxwell, faraday, lines, force, linee, forza},
	Publisher = {University Press},
	Title = {On Faraday's Lines of Force},
	Volume = {1},
	Year = {1856}}

@incollection{cit:maxkel,
	Address = {Cambridge},
	Annote = {Originariamente pubblicato su Nature VII},
	Author = {James Clerk Maxwell},
	Booktitle = {The Scientific Papers of James Clerk Maxwell},
	Date-Added = {2015-06-20 18:48:54 +0200},
	Date-Modified = {2015-06-20 18:48:54 +0200},
	Editor = {C. J. Clay, M. A. e figli},
	Keywords = {maxwell, kelvin, thomson},
	Publisher = {University Press},
	Title = {Reprint of Papers on Electrostatics and Magnetism},
	Volume = {2},
	Year = {1872}}

@article{cit:kelvin,
	Annote = {Lord Kelvin},
	Author = {P. Q. R. W. Thomson},
	Date-Added = {2015-06-20 18:48:54 +0200},
	Date-Modified = {2015-06-20 18:48:54 +0200},
	Journal = {Cambridge Mathematical Journal},
	Keywords = {kelvin, thomson, calore},
	Title = {On the uniform motion of heat and its connection with the mathematical theory of electricity},
	Year = {1842}}

@book{cit:calcanalog,
	Annote = {The Commonwealth and Internazional Library},
	Author = {D. E. Hyndman},
	Date-Added = {2015-06-20 18:48:54 +0200},
	Date-Modified = {2015-06-20 18:48:54 +0200},
	Keywords = {calcolatori, analog, computing, hyndman},
	Publisher = {Pergamon Press},
	Read = {1},
	Title = {Analog and Hybrid Computing},
	Year = {1970}}

@book{cit:doebelin,
	Annote = {Ed. orig. "Measurment Systems: Application and design".
Trad. it. a cura di P. Roncoroni},
	Author = {E. O. Doebelin},
	Date-Added = {2015-06-20 18:48:54 +0200},
	Date-Modified = {2015-06-20 18:48:54 +0200},
	Editor = {P. Roncoroni},
	Keywords = {doebelin, ronconi, strumentazione, strumenti, metodi, misura, misure},
	Publisher = {McGraw-Hill},
	Read = {1},
	Title = {Strumenti e metodi di misura},
	Year = {2005}}

@book{cit:calafiore,
	Author = {G. Calafiore},
	Date-Added = {2015-06-20 18:48:54 +0200},
	Date-Modified = {2015-06-20 18:48:54 +0200},
	Keywords = {calafiore, automatica},
	Publisher = {Clut},
	Read = {1},
	Title = {Elementi di Automatica},
	Year = {2007}}

@incollection{cit:analogie,
	Abstract = {This essay contains a serious exposition of Maxwell's deliberate views on philosophical questions, and is therefore given here entire, not omitting the playful opening paragraph.
"In the ancient and religious foundation of Peterhouse there is observed this rule, that whoso makes a pun shall be counted the author of it, but that whoso pretends to find it out shall be counted the publisher of it, and that both shall be fined. Now, as in a pun two truths lie hid under one expression, so in an analogy one truth is discovered under two expressions. Every question concerning analogies is therefore the reciprocal of a question concerning puns, and the solutions can be transposed by reciprocation. But since we are still in doubt as to the legitimacy of reasoning by analogy, and as reasoning even by paradox has been pronounced less heinous than reasoning by puns, we must adopt [236] the direct method with respect to analogy, and then, if necessary, deduce by reciprocation the theory of puns."},
	Annote = {Essay for the apostles on "Analogies in Nature"},
	Author = {James Clerk Maxwell},
	Booktitle = {The life of James Clerk Maxwell},
	Chapter = {8},
	Date-Added = {2015-06-20 18:48:54 +0200},
	Date-Modified = {2015-06-20 18:48:54 +0200},
	Editor = {L. Campbell AND W. Garnett},
	Keywords = {maxwell, analogie},
	Month = {Febbraio},
	Publisher = {MacMillan and Co.},
	Read = {0},
	Title = {Are there real analogies in Nature?},
	Type = {saggio},
	Year = {1856},
	Bdsk-File-1 = {YnBsaXN0MDDUAQIDBAUGJCVYJHZlcnNpb25YJG9iamVjdHNZJGFyY2hpdmVyVCR0b3ASAAGGoKgHCBMUFRYaIVUkbnVsbNMJCgsMDRBWJGNsYXNzV05TLmtleXNaTlMub2JqZWN0c4AHog4PgAKAA6IREoAEgAVccmVsYXRpdmVQYXRoWWFsaWFzRGF0YV8QGS4uLy4uL0Zpc2ljYSAyL21heGJpby5wZGbSCRcYGVdOUy5kYXRhgAZPEQGKAAAAAAGKAAIAAAxNYWNpbnRvc2ggSEQAAAAAAAAAAAAAAAAAAADLqajmSCsAAAAXqT4KbWF4YmlvLnBkZgAAAAAAAAAAAAAAAAAAAAAAAAAAAAAAAAAAAAAAAAAAAAAAAAAAAAAAAAAAAAAAAAAAAAAABICBENDmyb4AAAAAAAAAAAACAAIAAAkgAAAAAAAAAAAAAAAAAAAACEZpc2ljYSAyABAACAAAy6mMxgAAABEACAAA0Oa7rgAAAAEAFAAXqT4AF6fEABenXgAF0U4AAJK1AAIAOk1hY2ludG9zaCBIRDpVc2VyczptYW51ZWw6RHJvcGJveDpVTklWOkZpc2ljYSAyOm1heGJpby5wZGYADgAWAAoAbQBhAHgAYgBpAG8ALgBwAGQAZgAPABoADABNAGEAYwBpAG4AdABvAHMAaAAgAEgARAASAC1Vc2Vycy9tYW51ZWwvRHJvcGJveC9VTklWL0Zpc2ljYSAyL21heGJpby5wZGYAABMAAS8AABUAAgAN//8AANIbHB0eWiRjbGFzc25hbWVYJGNsYXNzZXNdTlNNdXRhYmxlRGF0YaMdHyBWTlNEYXRhWE5TT2JqZWN00hscIiNcTlNEaWN0aW9uYXJ5oiIgXxAPTlNLZXllZEFyY2hpdmVy0SYnVHJvb3SAAQAIABEAGgAjAC0AMgA3AEAARgBNAFQAXABnAGkAbABuAHAAcwB1AHcAhACOAKoArwC3ALkCRwJMAlcCYAJuAnICeQKCAocClAKXAqkCrAKxAAAAAAAAAgEAAAAAAAAAKAAAAAAAAAAAAAAAAAAAArM=}}