@incollection{rif:maxwell,
	author={J. C. Maxwell},
	title={Are there Real Analogies in Nature? (Essay for the apostles on "Analogies in Nature")},
	booktitle={The life of James Clerk Maxwel},
	year={1856},
	month={Febbraio},
	editor={L. Campbell AND W. Garnett},
	publisher={MacMillan and Co.},
	type={saggio}
}

@book{rif:calafiore,
	author={G. Calafiore},
	title={Elementi di Automatica},
	year={2007},
	publisher={Clut}
}

@book{rif:doebelin,
	author={E. O. Doebelin},
	title={Strumenti e metodi di misura},
	year={2005},
	publisher={McGraw-Hill},
	note={Ed. orig. Measurment Systems: Application and design. Trad. it. a cura di P. Roncoroni}
}

@book{rif:CalcAnalog,
	author={D. E. Hyndman},
	title={Analog and Hybrid Computing},
	year={1970},
	institution={The Commonwealth and Internazional Library},
	publisher={Pergamon Press}
}